<record><leader>00000cas a2200000Ma 4500</leader><controlfield tag="001">11033694</controlfield><controlfield tag="008">840808d18uu1886aluwr ne      0    0eng d</controlfield><datafield ind1=" " ind2=" " tag="010"><subfield code="a">sn 84023567 </subfield></datafield><datafield ind1=" " ind2=" " tag="040"><subfield code="a">AQM</subfield><subfield code="b">eng</subfield><subfield code="c">AQM</subfield><subfield code="d">AAA</subfield><subfield code="d">OCLCQ</subfield><subfield code="d">OCLCF</subfield><subfield code="d">OCLCO</subfield></datafield><datafield ind1=" " ind2=" " tag="019"><subfield code="a">2433457</subfield></datafield><datafield ind1="1" ind2=" " tag="029"><subfield code="a">AU@</subfield><subfield code="b">000020228400</subfield></datafield><datafield ind1=" " ind2=" " tag="043"><subfield code="a">n-us-al</subfield></datafield><datafield ind1="0" ind2="0" tag="245"><subfield code="a">Montgomery weekly advertiser.</subfield></datafield><datafield ind1="1" ind2="7" tag="246"><subfield code="a">Weekly advertiser</subfield></datafield><datafield ind1=" " ind2=" " tag="260"><subfield code="a">Montgomery, Ala. :</subfield><subfield code="b">Shorter &amp; Reid</subfield></datafield><datafield ind1=" " ind2=" " tag="310"><subfield code="a">Weekly</subfield></datafield><datafield ind1="0" ind2=" " tag="362"><subfield code="a">-new ser., v. 21, no. 11 (Dec. 30, 1886).</subfield></datafield><datafield ind1=" " ind2=" " tag="515"><subfield code="a">Suspended Apr. 1865-Apr. 1866; began new numbering system, May 1866.</subfield></datafield><datafield ind1=" " ind2=" " tag="580"><subfield code="a">Also published in a daily edition.</subfield></datafield><datafield ind1=" " ind2=" " tag="588"><subfield code="a">Description based on: Vol. 26, no. 25 (Feb. 22, 1860).</subfield></datafield><datafield ind1=" " ind2="7" tag="655"><subfield code="a">Newspapers.</subfield><subfield code="2">rbgenr</subfield></datafield><datafield ind1=" " ind2="0" tag="651"><subfield code="a">Montgomery (Ala.)</subfield><subfield code="v">Newspapers.</subfield></datafield><datafield ind1=" " ind2="7" tag="655"><subfield code="a">Newspapers.</subfield><subfield code="2">fast</subfield><subfield code="0">(OCoLC)fst01423814</subfield></datafield><datafield ind1=" " ind2="7" tag="651"><subfield code="a">Alabama</subfield><subfield code="z">Montgomery.</subfield><subfield code="2">fast</subfield><subfield code="0">(OCoLC)fst01202689</subfield></datafield><datafield ind1=" " ind2=" " tag="752"><subfield code="a">United States</subfield><subfield code="b">Alabama</subfield><subfield code="c">Montgomery</subfield><subfield code="d">Montgomery.</subfield></datafield><datafield ind1="1" ind2=" " tag="775"><subfield code="t">Montgomery daily advertiser</subfield><subfield code="w">(DLC)sn 84023549</subfield></datafield><datafield ind1="1" ind2=" " tag="775"><subfield code="t">Montgomery advertiser</subfield><subfield code="w">(DLC)sn 84020645</subfield></datafield><datafield ind1="0" ind2="0" tag="780"><subfield code="t">Montgomery advertiser and state gazette</subfield><subfield code="w">(DLC)sn 85032917</subfield></datafield><datafield ind1="0" ind2="5" tag="780"><subfield code="t">Montgomery weekly mail</subfield><subfield code="w">(DLC)sn 85033091</subfield></datafield><datafield ind1="0" ind2="0" tag="785"><subfield code="t">Weekly advertiser (Montgomery, Ala.)</subfield><subfield code="w">(DLC)sn 86050479</subfield></datafield></record>